<?xml version="1.0" encoding="UTF-8"?><record xmlns="http://www.loc.gov/MARC21/slim" xmlns:cinclude="http://apache.org/cocoon/include/1.0" xmlns:zs="http://www.loc.gov/zing/srw/">
  <leader>00623nz  a2200133n  4500</leader>
  <controlfield tag="001">n 2015048061</controlfield>
  <controlfield tag="003">DLC</controlfield>
  <controlfield tag="005">20150804204856.0</controlfield>
  <controlfield tag="008">150804n| azannaabn          |n ana      </controlfield>
  <datafield tag="010" ind1=" " ind2=" ">
    <subfield code="a">n 2015048061</subfield>
  </datafield>
  <datafield tag="040" ind1=" " ind2=" ">
    <subfield code="a">DLC</subfield>
    <subfield code="b">eng</subfield>
    <subfield code="c">DLC</subfield>
    <subfield code="e">rda</subfield>
  </datafield>
  <datafield tag="110" ind1="2" ind2=" ">
    <subfield code="a">Inlandia Institute</subfield>
  </datafield>
  <datafield tag="670" ind1=" " ind2=" ">
    <subfield code="a">DeSoto, Lewis. Empire, 2016:</subfield>
    <subfield code="b">ECIP title page (Inlandia Institute; Riverside, California)</subfield>
  </datafield>
  <datafield tag="670" ind1=" " ind2=" ">
    <subfield code="a">Inlandiainstitute.org, August 4, 2015</subfield>
    <subfield code="b">(the Inlandia Institute; a non-profit literary center; recognizes, supports and encourages literary activity in all forms in Inland Southern California; address: 4178 Chestnut Street, Riverside, California  92501)</subfield>
  </datafield>
</record>